[gd_scene load_steps=14 format=2]

[ext_resource path="res://Scripts/Map.gd" type="Script" id=1]
[ext_resource path="res://map.jpg" type="Texture" id=2]
[ext_resource path="res://stickman/stopped.jpg" type="Texture" id=3]
[ext_resource path="res://stickman/right.jpg" type="Texture" id=4]
[ext_resource path="res://stickman/left.jpg" type="Texture" id=5]

[sub_resource type="RectangleShape2D" id=4]

custom_solver_bias = 0.0
extents = Vector2( 10, 10 )

[sub_resource type="SpriteFrames" id=1]

animations = [ {
"frames": [ ExtResource( 3 ), ExtResource( 4 ), ExtResource( 5 ) ],
"loop": true,
"name": "default",
"speed": 5.0
} ]

[sub_resource type="RectangleShape2D" id=7]

custom_solver_bias = 0.0
extents = Vector2( 111.152, 13.5377 )

[sub_resource type="RectangleShape2D" id=8]

custom_solver_bias = 0.0
extents = Vector2( 88.7982, 13.5377 )

[sub_resource type="RectangleShape2D" id=6]

custom_solver_bias = 0.0
extents = Vector2( 202.86, 4.88196 )

[sub_resource type="RectangleShape2D" id=5]

custom_solver_bias = 0.0
extents = Vector2( 305.423, 4.04692 )

[sub_resource type="RectangleShape2D" id=9]

custom_solver_bias = 0.0
extents = Vector2( 111.742, 3.11445 )

[sub_resource type="RectangleShape2D" id=10]

custom_solver_bias = 0.0
extents = Vector2( 86.6141, 3.11445 )

[node name="Game" type="Node"]

script = ExtResource( 1 )

[node name="HBoxContainer" type="Control" parent="."]

anchor_left = 0.0
anchor_top = 0.0
anchor_right = 1.0
anchor_bottom = 1.0
margin_left = 2.0
margin_top = 2.0
margin_right = 2.0
margin_bottom = 2.0
rect_pivot_offset = Vector2( 0, 0 )
rect_clip_content = false
mouse_filter = 1
size_flags_horizontal = 1
size_flags_vertical = 1
_sections_unfolded = [ "Hint", "Rect" ]

[node name="map" type="Sprite" parent="HBoxContainer"]

position = Vector2( 510.205, 298.231 )
texture = ExtResource( 2 )

[node name="PauseMenu" type="Control" parent="HBoxContainer"]

pause_mode = 2
visible = false
use_parent_material = true
anchor_left = 0.0
anchor_top = 0.0
anchor_right = 0.0
anchor_bottom = 0.0
margin_left = -2.50426
margin_top = -1.97685
margin_right = 1019.5
margin_bottom = 598.023
rect_pivot_offset = Vector2( 0, 0 )
rect_clip_content = false
mouse_filter = 0
size_flags_horizontal = 1
size_flags_vertical = 1
_sections_unfolded = [ "Hint", "Material", "Pause", "Theme", "Visibility" ]

[node name="Resume" type="Button" parent="HBoxContainer/PauseMenu"]

anchor_left = 0.0
anchor_top = 0.0
anchor_right = 0.0
anchor_bottom = 0.0
margin_left = 436.0
margin_top = 190.0
margin_right = 621.0
margin_bottom = 254.0
rect_pivot_offset = Vector2( 0, 0 )
rect_clip_content = false
mouse_filter = 0
size_flags_horizontal = 1
size_flags_vertical = 1
toggle_mode = false
enabled_focus_mode = 2
shortcut = null
group = null
text = "Resume"
flat = false

[node name="Stickman" type="KinematicBody2D" parent="HBoxContainer"]

editor/display_folded = true
position = Vector2( 107.496, 56.0231 )
scale = Vector2( 1, 1 )
input_pickable = false
collision_layer = 17
collision_mask = 17
collision/safe_margin = 0.08
_sections_unfolded = [ "Angular", "Collision", "Linear" ]

[node name="CollisionShape2D" type="CollisionShape2D" parent="HBoxContainer/Stickman"]

position = Vector2( -1.68416, 2.1551 )
scale = Vector2( 2.44932, 5.04923 )
shape = SubResource( 4 )

[node name="Sprites" type="AnimatedSprite" parent="HBoxContainer/Stickman"]

position = Vector2( -1.51591, 2.25807 )
scale = Vector2( 0.71763, 0.71763 )
frames = SubResource( 1 )
animation = "default"

[node name="RayCast2D" type="RayCast2D" parent="HBoxContainer/Stickman"]

position = Vector2( -1.57106, 54.1651 )
scale = Vector2( 0.600133, 0.620262 )
enabled = true
exclude_parent = true
cast_to = Vector2( 0, 5 )
collision_layer = 1
type_mask = 15

[node name="Colliders" type="StaticBody2D" parent="HBoxContainer"]

position = Vector2( 515.754, 299.468 )
input_pickable = false
collision_layer = 1
collision_mask = 1
constant_linear_velocity = Vector2( 0, 0 )
constant_angular_velocity = 0.0
friction = 1.0
bounce = 0.0
_sections_unfolded = [ "Pickable", "Transform" ]

[node name="Blue_Plat" type="CollisionShape2D" parent="HBoxContainer/Colliders" groups=[
"Blue",
]]

position = Vector2( -363.05, 253.399 )
shape = SubResource( 7 )

[node name="Red_Plat" type="CollisionShape2D" parent="HBoxContainer/Colliders" groups=[
"Red",
]]

position = Vector2( 388.02, 258.25 )
shape = SubResource( 8 )

[node name="CollisionShape2D3" type="CollisionShape2D" parent="HBoxContainer/Colliders"]

position = Vector2( 267.166, 18.9265 )
shape = SubResource( 6 )

[node name="CollisionShape2D2" type="CollisionShape2D" parent="HBoxContainer/Colliders"]

position = Vector2( 18.4552, 176.55 )
shape = SubResource( 6 )

[node name="CollisionShape2D" type="CollisionShape2D" parent="HBoxContainer/Colliders"]

position = Vector2( -149.107, -186.57 )
shape = SubResource( 5 )
_sections_unfolded = [ "Transform" ]

[node name="Pause" type="Button" parent="HBoxContainer"]

anchor_left = 0.0
anchor_top = 0.0
anchor_right = 0.0
anchor_bottom = 0.0
margin_left = 895.0
margin_top = 6.0
margin_right = 1011.0
margin_bottom = 46.0
rect_pivot_offset = Vector2( 0, 0 )
rect_clip_content = false
mouse_filter = 0
size_flags_horizontal = 1
size_flags_vertical = 1
toggle_mode = false
enabled_focus_mode = 2
shortcut = null
group = null
text = "Pause"
flat = false

[node name="Blue" type="Area2D" parent="HBoxContainer"]

position = Vector2( 151.451, 492.063 )
input_pickable = true
gravity_vec = Vector2( 0, 1 )
gravity = 98.0
linear_damp = 0.1
angular_damp = 1.0
collision_layer = 17
collision_mask = 17
audio_bus_override = false
audio_bus_name = "Master"
_sections_unfolded = [ "Collision", "Transform", "Z" ]

[node name="CollisionShape2D" type="CollisionShape2D" parent="HBoxContainer/Blue"]

position = Vector2( 1.24539, 43.4223 )
shape = SubResource( 9 )

[node name="Red" type="Area2D" parent="HBoxContainer"]

position = Vector2( 151.451, 492.063 )
input_pickable = true
gravity_vec = Vector2( 0, 1 )
gravity = 98.0
linear_damp = 0.1
angular_damp = 1.0
collision_layer = 17
collision_mask = 17
audio_bus_override = false
audio_bus_name = "Master"
_sections_unfolded = [ "Collision", "Transform", "Z" ]

[node name="CollisionShape2D" type="CollisionShape2D" parent="HBoxContainer/Red"]

position = Vector2( 752.842, 48.0616 )
shape = SubResource( 10 )

[connection signal="pressed" from="HBoxContainer/PauseMenu/Resume" to="." method="_on_Resume_pressed"]

[connection signal="pressed" from="HBoxContainer/Pause" to="." method="_on_Pause_pressed"]

[connection signal="body_entered" from="HBoxContainer/Blue" to="." method="_on_Blue_body_entered"]

[connection signal="body_entered" from="HBoxContainer/Red" to="." method="_on_Red_body_entered"]


