[gd_scene load_steps=13 format=2]

[ext_resource path="res://Scripts/MapPurple.gd" type="Script" id=1]
[ext_resource path="res://greenhidden.jpg" type="Texture" id=2]
[ext_resource path="res://stickman/stopped.jpg" type="Texture" id=3]
[ext_resource path="res://stickman/right.jpg" type="Texture" id=4]
[ext_resource path="res://stickman/left.jpg" type="Texture" id=5]

[sub_resource type="RectangleShape2D" id=1]

custom_solver_bias = 0.0
extents = Vector2( 10, 10 )

[sub_resource type="SpriteFrames" id=2]

animations = [ {
"frames": [ ExtResource( 3 ), ExtResource( 4 ), ExtResource( 5 ) ],
"loop": true,
"name": "default",
"speed": 5.0
} ]

[sub_resource type="RectangleShape2D" id=3]

custom_solver_bias = 0.0
extents = Vector2( 27.9951, 14.808 )

[sub_resource type="RectangleShape2D" id=4]

custom_solver_bias = 0.0
extents = Vector2( 36.4967, 10.3951 )

[sub_resource type="RectangleShape2D" id=5]

custom_solver_bias = 0.0
extents = Vector2( 51.7451, 10.3951 )

[sub_resource type="RectangleShape2D" id=6]

custom_solver_bias = 0.0
extents = Vector2( 39.0802, 14.808 )

[sub_resource type="RectangleShape2D" id=7]

custom_solver_bias = 0.0
extents = Vector2( 51.5204, 3.04059 )

[node name="Game" type="Node"]

script = ExtResource( 1 )

[node name="HBoxContainer" type="Control" parent="."]

anchor_left = 0.0
anchor_top = 0.0
anchor_right = 1.0
anchor_bottom = 1.0
margin_left = 2.0
margin_top = 2.0
margin_right = 2.0
margin_bottom = 2.0
rect_pivot_offset = Vector2( 0, 0 )
rect_clip_content = false
mouse_filter = 1
size_flags_horizontal = 1
size_flags_vertical = 1
_sections_unfolded = [ "Hint", "Rect" ]

[node name="map" type="Sprite" parent="HBoxContainer"]

position = Vector2( 510.205, 298.231 )
texture = ExtResource( 2 )

[node name="PauseMenu" type="Control" parent="HBoxContainer"]

pause_mode = 2
visible = false
use_parent_material = true
anchor_left = 0.0
anchor_top = 0.0
anchor_right = 0.0
anchor_bottom = 0.0
margin_left = -2.50426
margin_top = -1.97685
margin_right = 1019.5
margin_bottom = 598.023
rect_pivot_offset = Vector2( 0, 0 )
rect_clip_content = false
mouse_filter = 0
size_flags_horizontal = 1
size_flags_vertical = 1
_sections_unfolded = [ "Hint", "Material", "Pause", "Theme", "Visibility" ]

[node name="Resume" type="Button" parent="HBoxContainer/PauseMenu"]

anchor_left = 0.0
anchor_top = 0.0
anchor_right = 0.0
anchor_bottom = 0.0
margin_left = 436.0
margin_top = 190.0
margin_right = 621.0
margin_bottom = 254.0
rect_pivot_offset = Vector2( 0, 0 )
rect_clip_content = false
mouse_filter = 0
size_flags_horizontal = 1
size_flags_vertical = 1
toggle_mode = false
enabled_focus_mode = 2
shortcut = null
group = null
text = "Resume"
flat = false

[node name="Stickman" type="KinematicBody2D" parent="HBoxContainer"]

position = Vector2( 265.492, 181.648 )
input_pickable = false
collision_layer = 17
collision_mask = 17
collision/safe_margin = 0.08
_sections_unfolded = [ "Angular", "Collision", "Linear" ]

[node name="CollisionShape2D" type="CollisionShape2D" parent="HBoxContainer/Stickman"]

position = Vector2( -1.68416, 2.1551 )
scale = Vector2( 2.44932, 5.04923 )
shape = SubResource( 1 )

[node name="Sprites" type="AnimatedSprite" parent="HBoxContainer/Stickman"]

position = Vector2( -1.51591, 2.25807 )
scale = Vector2( 0.71763, 0.71763 )
frames = SubResource( 2 )
animation = "default"

[node name="RayCast2D" type="RayCast2D" parent="HBoxContainer/Stickman"]

position = Vector2( -1.57106, 54.1651 )
scale = Vector2( 0.600133, 0.620262 )
enabled = true
exclude_parent = true
cast_to = Vector2( 0, 5 )
collision_layer = 1
type_mask = 15

[node name="Colliders" type="StaticBody2D" parent="HBoxContainer"]

position = Vector2( 515.754, 299.468 )
input_pickable = false
collision_layer = 1
collision_mask = 1
constant_linear_velocity = Vector2( 0, 0 )
constant_angular_velocity = 0.0
friction = 1.0
bounce = 0.0
_sections_unfolded = [ "Pickable", "Transform" ]

[node name="CollisionShape2D5" type="CollisionShape2D" parent="HBoxContainer/Colliders"]

position = Vector2( 329.135, -42.523 )
shape = SubResource( 3 )

[node name="CollisionShape2D6" type="CollisionShape2D" parent="HBoxContainer/Colliders"]

position = Vector2( 209.598, -42.1824 )
shape = SubResource( 3 )

[node name="CollisionShape2D7" type="CollisionShape2D" parent="HBoxContainer/Colliders"]

position = Vector2( 57.6384, -43.109 )
shape = SubResource( 3 )

[node name="CollisionShape2D8" type="CollisionShape2D" parent="HBoxContainer/Colliders"]

position = Vector2( -91.2889, -42.7909 )
scale = Vector2( 1, 1.37921 )
shape = SubResource( 4 )
_sections_unfolded = [ "Pause" ]

[node name="CollisionShape2D10" type="CollisionShape2D" parent="HBoxContainer/Colliders"]

position = Vector2( -17.5912, 137.854 )
shape = SubResource( 5 )

[node name="CollisionShape2D13" type="CollisionShape2D" parent="HBoxContainer/Colliders"]

position = Vector2( 247.762, 136.71 )
shape = SubResource( 5 )

[node name="CollisionShape2D14" type="CollisionShape2D" parent="HBoxContainer/Colliders"]

position = Vector2( 107.045, 138.723 )
shape = SubResource( 5 )

[node name="CollisionShape2D11" type="CollisionShape2D" parent="HBoxContainer/Colliders"]

position = Vector2( -151.025, 136.151 )
shape = SubResource( 5 )

[node name="CollisionShape2D12" type="CollisionShape2D" parent="HBoxContainer/Colliders"]

position = Vector2( -288.356, 138.774 )
shape = SubResource( 5 )

[node name="CollisionShape2D9" type="CollisionShape2D" parent="HBoxContainer/Colliders"]

position = Vector2( -251.376, -43.5723 )
shape = SubResource( 6 )

[node name="Pause" type="Button" parent="HBoxContainer"]

anchor_left = 0.0
anchor_top = 0.0
anchor_right = 0.0
anchor_bottom = 0.0
margin_left = 895.0
margin_top = 6.0
margin_right = 1011.0
margin_bottom = 46.0
rect_pivot_offset = Vector2( 0, 0 )
rect_clip_content = false
mouse_filter = 0
size_flags_horizontal = 1
size_flags_vertical = 1
toggle_mode = false
enabled_focus_mode = 2
shortcut = null
group = null
text = "Pause"
flat = false

[node name="Yellow" type="Area2D" parent="HBoxContainer"]

position = Vector2( 151.451, 492.063 )
input_pickable = true
gravity_vec = Vector2( 0, 1 )
gravity = 98.0
linear_damp = 0.1
angular_damp = 1.0
collision_layer = 17
collision_mask = 17
audio_bus_override = false
audio_bus_name = "Master"
_sections_unfolded = [ "Collision", "Transform", "Z" ]

[node name="CollisionShape2D15" type="CollisionShape2D" parent="HBoxContainer/Yellow"]

position = Vector2( 75.539, -68.971 )
shape = SubResource( 7 )

[node name="Purple" type="Area2D" parent="HBoxContainer"]

position = Vector2( 151.451, 492.063 )
input_pickable = true
gravity_vec = Vector2( 0, 1 )
gravity = 98.0
linear_damp = 0.1
angular_damp = 1.0
collision_layer = 17
collision_mask = 17
audio_bus_override = false
audio_bus_name = "Master"
_sections_unfolded = [ "Collision", "Transform", "Z" ]

[node name="CollisionShape2D15" type="CollisionShape2D" parent="HBoxContainer/Purple"]

position = Vector2( 612.001, -70.2727 )
shape = SubResource( 7 )

[node name="Green" type="Area2D" parent="HBoxContainer"]

position = Vector2( 151.451, 492.063 )
input_pickable = true
gravity_vec = Vector2( 0, 1 )
gravity = 98.0
linear_damp = 0.1
angular_damp = 1.0
collision_layer = 17
collision_mask = 17
audio_bus_override = false
audio_bus_name = "Master"
_sections_unfolded = [ "Collision", "Transform", "Z" ]

[node name="CollisionShape2D15" type="CollisionShape2D" parent="HBoxContainer/Green"]

position = Vector2( 471.738, -69.5076 )
shape = SubResource( 7 )

[node name="Red" type="Area2D" parent="HBoxContainer"]

position = Vector2( 151.451, 492.063 )
input_pickable = true
gravity_vec = Vector2( 0, 1 )
gravity = 98.0
linear_damp = 0.1
angular_damp = 1.0
collision_layer = 17
collision_mask = 17
audio_bus_override = false
audio_bus_name = "Master"
_sections_unfolded = [ "Collision", "Transform", "Z" ]

[node name="CollisionShape2D15" type="CollisionShape2D" parent="HBoxContainer/Red"]

position = Vector2( 346.274, -68.7096 )
shape = SubResource( 7 )

[node name="Blue" type="Area2D" parent="HBoxContainer"]

position = Vector2( 151.451, 492.063 )
input_pickable = true
gravity_vec = Vector2( 0, 1 )
gravity = 98.0
linear_damp = 0.1
angular_damp = 1.0
collision_layer = 17
collision_mask = 17
audio_bus_override = false
audio_bus_name = "Master"
_sections_unfolded = [ "Collision", "Transform", "Z" ]

[node name="CollisionShape2D15" type="CollisionShape2D" parent="HBoxContainer/Blue"]

position = Vector2( 215.077, -70.4972 )
shape = SubResource( 7 )

[connection signal="pressed" from="HBoxContainer/PauseMenu/Resume" to="." method="_on_Resume_pressed"]

[connection signal="pressed" from="HBoxContainer/Pause" to="." method="_on_Pause_pressed"]

[connection signal="body_entered" from="HBoxContainer/Yellow" to="." method="_on_Yellow_body_entered"]

[connection signal="body_entered" from="HBoxContainer/Purple" to="." method="_on_Purple_body_entered"]

[connection signal="body_entered" from="HBoxContainer/Red" to="." method="_on_Red_body_entered"]

[connection signal="body_entered" from="HBoxContainer/Blue" to="." method="_on_Blue_body_entered"]


